<record><leader>00000cas a22000007a 4500</leader><controlfield tag="001">14868287</controlfield><controlfield tag="008">861124d19091911txudr ne      0    0eng d</controlfield><datafield ind1=" " ind2=" " tag="010"><subfield code="a">sn 86090238 </subfield></datafield><datafield ind1=" " ind2=" " tag="040"><subfield code="a">PPM</subfield><subfield code="b">eng</subfield><subfield code="c">PPM</subfield><subfield code="d">OCL</subfield><subfield code="d">CRL</subfield><subfield code="d">OCLCQ</subfield></datafield><datafield ind1=" " ind2=" " tag="042"><subfield code="a">msc</subfield></datafield><datafield ind1=" " ind2=" " tag="043"><subfield code="a">n-us-tx</subfield></datafield><datafield ind1="0" ind2="0" tag="245"><subfield code="a">San Antonio light and gazette.</subfield></datafield><datafield ind1=" " ind2=" " tag="260"><subfield code="a">San Antonio, Tex. :</subfield><subfield code="b">G.D. Robbins,</subfield><subfield code="c">1909-1911.</subfield></datafield><datafield ind1=" " ind2=" " tag="300"><subfield code="a">3 v. :</subfield><subfield code="b">ill. ;</subfield><subfield code="c">62 cm.</subfield></datafield><datafield ind1=" " ind2=" " tag="310"><subfield code="a">Daily</subfield></datafield><datafield ind1="0" ind2=" " tag="362"><subfield code="a">Vol. 1, no. 1 (Apr. 29, 1909)-v. 32, no. 69 (Mar. 31, 1911).</subfield></datafield><datafield ind1=" " ind2=" " tag="515"><subfield code="a">Resumes numbering of the San Antonio light with vol. 29, no. 102 (May 1, 1909).</subfield></datafield><datafield ind1=" " ind2=" " tag="530"><subfield code="a">Also issued on microfilm from Bell and Howell.</subfield></datafield><datafield ind1=" " ind2="4" tag="651"><subfield code="a">San Antonio (Tex.)</subfield><subfield code="v">Newspapers.</subfield></datafield><datafield ind1=" " ind2=" " tag="752"><subfield code="a">United States</subfield><subfield code="b">Texas</subfield><subfield code="c">Bexar</subfield><subfield code="d">San Antonio.</subfield></datafield><datafield ind1="0" ind2="0" tag="780"><subfield code="t">San Antonio light (San Antonio, Tex. : 1907)</subfield><subfield code="w">(DLC)sn 86090330</subfield><subfield code="w">(OCoLC)14868270</subfield></datafield><datafield ind1="0" ind2="0" tag="785"><subfield code="t">San Antonio light (San Antonio, Tex. : 1911)</subfield><subfield code="w">(DLC)sn 85060004</subfield><subfield code="w">(OCoLC)12225885</subfield></datafield><datafield ind1="1" ind2=" " tag="029"><subfield code="a">AU@</subfield><subfield code="b">000025786704</subfield></datafield></record>